@INPROCEEDINGS{710815,  author={C. {Tomasi} and R. {Manduchi}},  booktitle={Sixth International Conference on Computer Vision (IEEE Cat. No.98CH36271)},   title={Bilateral filtering for gray and color images},   year={1998},  volume={},  number={},  pages={839-846},  doi={10.1109/ICCV.1998.710815}}

@article{wang2003ssim,
  title={The SSIM index for image quality assessment},
  author={Wang, Zhou},
  journal={https://ece. uwaterloo. ca/\~{} z70wang/research/ssim},
  year={2003}
}

@misc{ wiki:psnr,
author = "{Wikipedia contributors}",
title = "Peak signal-to-noise ratio --- {Wikipedia}{,} The Free Encyclopedia",
year = "2020",
url = "https://en.wikipedia.org/w/index.php?title=Peak_signal-to-noise_ratio&oldid=986103511",
note = "[Online; accessed 9-November-2020]"
}

@article{poobathy2014edge,
  title={Edge detection operators: Peak signal to noise ratio based comparison},
  author={Poobathy, D and Chezian, R Manicka},
  journal={IJ Image, Graphics and Signal Processing},
  volume={10},
  pages={55--61},
  year={2014},
  publisher={MECS}
}

@misc{ wiki:imagenoise,
    author = "{Wikipedia contributors}",
    title = "Image noise --- {Wikipedia}{,} The Free Encyclopedia",
    year = "2020",
    howpublished = "\url{https://en.wikipedia.org/w/index.php?title=Image_noise&oldid=986490566}",
    note = "[Online; accessed 1-November-2020]"
  }
  
@misc{ wiki:bilateralfiltering,
    author = "{Wikipedia contributors}",
    title = "Bilateral filter --- {Wikipedia}{,} The Free Encyclopedia",
    year = "2020",
    howpublished = "\url{https://en.wikipedia.org/w/index.php?title=Bilateral_filter&oldid=984027168}",
    note = "[Online; accessed 1-November-2020]"
  }

@misc{ wiki:gaussianfilter,
    author = "{Wikipedia contributors}",
    title = "Gaussian filter --- {Wikipedia}{,} The Free Encyclopedia",
    year = "2020",
    howpublished = "\url{https://en.wikipedia.org/w/index.php?title=Gaussian_filter&oldid=983524044}",
    note = "[Online; accessed 1-November-2020]"
  }

@misc{ wiki:poissonnoise,
    author = "{Wikipedia contributors}",
    title = "Shot noise --- {Wikipedia}{,} The Free Encyclopedia",
    year = "2020",
    howpublished = "\url{https://en.wikipedia.org/w/index.php?title=Shot_noise&oldid=963414821}",
    note = "[Online; accessed 1-November-2020]"
  }
  
@misc{ wiki:euclideandistance,
    author = "{Wikipedia contributors}",
    title = "Euclidean distance --- {Wikipedia}{,} The Free Encyclopedia",
    year = "2020",
    howpublished = "\url{https://en.wikipedia.org/w/index.php?title=Euclidean_distance&oldid=986504015}",
    note = "[Online; accessed 1-November-2020]"
  }
  
  @misc{ wiki:ssim_wiki,
    author = "{Wikipedia contributors}",
    title = "Structural similarity --- {Wikipedia}{,} The Free Encyclopedia",
    year = "2020",
    url = "https://en.wikipedia.org/w/index.php?title=Structural_similarity&oldid=986140522",
    note = "[Online; accessed 9-November-2020]"
  }

@misc{ wiki:gaussianfunction,
    author = "{Wikipedia contributors}",
    title = "Gaussian function --- {Wikipedia}{,} The Free Encyclopedia",
    year = "2020",
    howpublished = "\url{https://en.wikipedia.org/w/index.php?title=Gaussian_function&oldid=976042296}",
    note = "[Online; accessed 1-November-2020]"
  }

@misc{ wiki:imagekernel,
    author = "{Wikipedia contributors}",
    title = "Kernel (image processing) --- {Wikipedia}{,} The Free Encyclopedia",
    year = "2020",
    howpublished = "\url{https://en.wikipedia.org/w/index.php?title=Kernel_(image_processing)&oldid=984669725}",
    note = "[Online; accessed 1-November-2020]"
  }